
@article{MartinDSP00,
     author = "A. Martin and M. Przybocki",
     title = "The {NIST} 1999 speaker recognition evaluation --- an overview",

     journal = "Digital Signal Processing",
     volume = "10",
     pages = "1--18",
     year = "2000"}

@article{Breiman2001Random,
	title={Random Forests},
	author={Breiman, Leo},
	journal={Machine Learning},
	volume={45},
	number={1},
	pages={5-32},
	year={2001},
}


@article{
刘运来-199,
   Author = {刘运来},
   Title = {浅谈字体艺术在封面设计中的应用——从民国时期书刊封面字体设计说开去},
   Journal = {中国编辑},
   Number = {4},
   Pages = {43-48},
   Abstract = {图书封面的字体设计是一门独立的艺术，在封面设计中占有重要的地位。文章以民国时期书刊封面字体设计为例，从以丰富多彩的字体进行封面设计，字体与图像组合进行封面设计，字体与封面材质、工艺结合进行封面设计三个方面．对字体艺术在书刊封面设计中的运用进行了探讨。},
   Keywords = {字体艺术; 封面设计; 运用},
   Year = {2011} }


@article{
谢琪-203,
   Author = {谢琪},
   Title = {字体艺术变化的设计与实现},
   Journal = {微型计算机},
   Volume = {16},
   Number = {6},
   Pages = {11-13},
   Abstract = {本文描述了用于ＣＡＤＴ系统中的矢量字体转置和变形的设计思想与实现技术，并给出几种主要的算法，这些算法应用于刺绣画稿辅助创作系统，效果良好，满足了刺绣画稿中的各种字体的要求。},
   Keywords = {矢量字体; 字体变形; 刺绣; 字体艺术; CAD},
   Year = {1996} }



